@misc{IoT,
	author = "Cisco",
	title = "Internet of Things (IoT)",
    howpublished = "\url{http://www.cisco.com/c/en/us/solutions/internet-of-things/overview.html}",
}

@misc{IEEE80211,
	author = "Ian Poole",
	title = "IEEE 802.11n Standard",
    howpublished = "\url{http://www.radio-electronics.com/info/wireless/wi-fi/ieee-802-11n.php}",
}

@misc{IEEE80211s,
	author = "W. Steven Conner and Jan Kruys and Kyeongsoo (Joseph) Kim and Juan Carlos Zuniga",
	title = "Overview of the Amendment for
Wireless Local Area Mesh Networking",
	year = "2006",
}

@misc{IEEE80215,
	author = "Richard C. Braley and Ian C. Gifford and Robert F. Heile",
	title = "Wireless Personal Area Networks: An Overview of the
IEEE P802.15 Working Group",
	year = "2015",
}

@misc{security,
	author = "Sampa Choudhuri",
	title = "Understanding the Difference Between Wireless Encryption Protocols",
    howpublished = "\url{http://blogs.cisco.com/smallbusiness/understanding-the-difference-between-wireless-encryption-protocols}",
}

@misc{contentcentric,
	author = "J. J. Garcia-Luna-Aceves",
	title = "Content-Centric Networking",
    howpublished = "\url{https://www.ietf.org/proceedings/65/slides/DTNRG-12.pdf}",
}

@misc{routeMultiGroup,
	author = "C. Casetti and C. F. Chiasserini and L. Curto Pelle and C. Del Valle and Y. Duan and P. Giaccone",
	title = "Content-centric Routing in
Wi-Fi Direct Multi-group Networks",
	year = "2014",
}

@misc{emc,
	author = "Ahmed A. Shahin and Mohamed Younis",
	title = "Efficient Multi-Group Formation and Communication Protocol for Wi-Fi Direct",
	year = "2015",
}

@misc{multiHopD2D,
	author = "Colin Funai and Cristiano Tapparello and Wendi Heinzelman",
	title = "Supporting Multi-hop Device-to-Device Networks
Through WiFi Direct Multi-group Networking",
	year = "2015",
}

@misc{manet,
	author = "Kencheng Liu and Wenlong Shen and Bo Yin and Xianghui Cao and Lin X. Cai and Yu Cheng",
	title = "Development of Mobile Ad-hoc Networks over
Wi-Fi Direct with Off-the-Shelf Android Phones",
	year = "2016",
}

@misc{oi,
	author = "Luis Amaral and Rute Sofia and Paulo Mendes and Waldir Moreira",
	title = "Oi! - Opportunistic Data Transmission based on
Wi -Fi Direct",
	year = "2016",
}

@misc{txpower,
	author = "Azzedine Boukerche",
	title = "Algorithms and Protocols for Wireless, Mobile Ad Hoc Networks",
    year = "2009",
}

@misc{threads,
	author = "Oracle",
	title = "Class Thread",
    howpublished = "\url{http://docs.oracle.com/javase/7/docs/api/java/lang/Thread.html}",
}

@misc{ripprotocol,
	author = "G. Malkin",
	title = "Request for Comments: 2453",
	year = "1998",
}

@misc{bluetooth,
	author = {{Bluetooth Special Interest Group}},
	title = "How it works | Bluetooth Technology Website",
    howpublished = "\url{https://www.bluetooth.com/what-is-bluetooth-technology/how-it-works}",
}

@misc{wfdrange,
	author = {{Wi-Fi Alliance}},
	title = "How far does a Wi-Fi Direct connection travel?",
    howpublished = "\url{http://www.wi-fi.org/knowledge-center/faq/how-far-does-a-wi-fi-direct-connection-travel}",
}

@misc{wfdrate,
	author = {{Wi-Fi Alliance}},
	title = "How fast is wi-fi direct?",
	howpublished = "\url{http://www.wi-fi.org/knowledge-center/faq/how-fast-is-wi-fi-direct}",
}

@misc{aodv,
	author = "C. Perkins and E. Belding-Royer and S. Das",
	title = "Request for Comments: 3561",
	year = "2003",
}

@misc{dsdv,
	author = "Charles Perkins and Pravin Bhagwat",
	title = "Highly dynamic Destination-Sequenced Distance-Vector routing (DSDV) for mobile computers",
	year = "1994",
}

@misc{webview,
	author = {{Android Developers}},
	title = "WebView",
    howpublished = "\url{https://developer.android.com/reference/android/webkit/WebView.html}",
}

@misc{dpp,
	author = "Statista",
	title = "Average number of connected devices used per person in selected countries in 2014",
	howpublished = "\url{https://www.statista.com/statistics/333861/connected-devices-per-person-in-selected-countries/}",
	year = "2014",
}

@misc{btdisc1,
	author = "Ryan Woodings and Derek Joos and Trevor Clifton and Charles D. Knutson",
	title = "Rapid Heterogeneous Connection Establishment: Accelerating Bluetooth Inquiry Using IrDA",
	year = "2002",
}

@misc{btdisc2,
	author = "Brian S. Peterson and Rusty O. Baldwin and Richard A. Raines",
	title = "Bluetooth Discovery Time with Multiple Inquirers",
	year = "2006",
}


@misc{kitkat,
	author = {{Android Developers}},
	title = "KITKAT",
	howpublished = "\url{https://developer.android.com/reference/android/os/Build.VERSION_CODES.html#KITKAT}",
}

@misc{wfddisc,
	author = {{Android Developers}},
	title = "Wi-Fi Peer-to-Peer | Discovering Peers",
	howpublished = "\url{https://developer.android.com/guide/topics/connectivity/wifip2p.html#discovering}",
}

@misc{bluetoothspec,
	author = {{Bluetooth Special Interest Group}},
	title = "Bluetooth Specification Version 4.2",
	year = "2014"
}

@misc{throughputpaper,
	author = "Abderrahmen Mtibaa and Ahmed Emam and Sannan Tariq and Aliaa Essameldin and Khaled A. Harras",
	title = "On Practical Device-to-Device Wireless
	Communication: A Measurement Driven Study",
	year = "2017",
}
